<record><leader>00000cas a22000007a 4500</leader><controlfield tag="001">10439866</controlfield><controlfield tag="008">840221d19171918mtuwr ne      0   a0eng d</controlfield><datafield ind1=" " ind2=" " tag="010"><subfield code="a">sn 84036026 </subfield></datafield><datafield ind1=" " ind2=" " tag="040"><subfield code="a">MTL</subfield><subfield code="b">eng</subfield><subfield code="c">MTL</subfield><subfield code="d">EYM</subfield><subfield code="d">OCL</subfield><subfield code="d">OCLCQ</subfield></datafield><datafield ind1=" " ind2=" " tag="042"><subfield code="a">msc</subfield></datafield><datafield ind1="0" ind2="4" tag="245"><subfield code="a">The Butte weekly bulletin.</subfield></datafield><datafield ind1=" " ind2=" " tag="260"><subfield code="a">Butte, Mont. :</subfield><subfield code="b">Bulletin Pub. Co.,</subfield><subfield code="c">-1918.</subfield></datafield><datafield ind1=" " ind2=" " tag="300"><subfield code="a">1 v. :</subfield><subfield code="b">ill. ;</subfield><subfield code="c">56 cm.</subfield></datafield><datafield ind1=" " ind2=" " tag="310"><subfield code="a">Weekly</subfield></datafield><datafield ind1="0" ind2=" " tag="362"><subfield code="a">-v. 1, no. 36 (Aug. 16, 1918).</subfield></datafield><datafield ind1="1" ind2=" " tag="362"><subfield code="a">Began Dec. 15, 1917.</subfield><subfield code="z">Cf. Halverson, G.O. Butte bull. : A Newspaper of Montana progressivism (Masters thesis).</subfield></datafield><datafield ind1=" " ind2=" " tag="500"><subfield code="a">The Butte weekly bulletin was the direct successor to strike bulletins issued during the June-Dec. 1917 strike in Butte. The bulletins were variously called: Miners' and electrical workers' joint strike bulletin, Strike bulletin, and Butte and Anaconda joint strike bulletin.</subfield></datafield><datafield ind1=" " ind2=" " tag="588"><subfield code="a">Description based on: Vol. 1, no. 36 (Aug. 16, 1918).</subfield></datafield><datafield ind1=" " ind2=" " tag="752"><subfield code="a">United States</subfield><subfield code="b">Montana</subfield><subfield code="c">Silver Bow</subfield><subfield code="d">Butte.</subfield></datafield><datafield ind1="0" ind2="0" tag="785"><subfield code="t">Butte daily bulletin (Butte, Mont. : 1918)</subfield><subfield code="w">(DLC)sn 83045085</subfield><subfield code="w">(OCoLC)9696223</subfield></datafield><datafield ind1="1" ind2=" " tag="029"><subfield code="a">AU@</subfield><subfield code="b">000020417352</subfield></datafield></record>